@article{pappa:2014,
	author = {Pappa, Gisele L and Ochoa, Gabriela, and Hyde, Matthew R and Freitas, Alex A and Woodward, John and Swan, Jerry},
	title = {Contrasting meta-learning and hyper-heuristic research: the role of evolutionary algorithms},
	journal={Genetic Programming and Evolvable Machines},
	year = {2014},
	OPTtranslator = {translator},
	OPTannotator = {annotator},
	OPTcommentator = {commentator},
	OPTsubtitle = {subtitle},
	OPTtitleaddon = {titleaddon},
	OPTeditor = {editor},
	OPTeditora = {editora},
	OPTeditorb = {editorb},
	OPTeditorc = {editorc},
	OPTjournalsubtitle = {journalsubtitle},
	OPTissuetitle = {issuetitle},
	OPTissuesubtitle = {issuesubtitle},
	OPTlanguage = {language},
	OPToriglanguage = {origlanguage},
	OPTseries = {series},
	volume = {15},
	number = {1},
	OPTeid = {eid},
	OPTissue = {issue},
	month = {March},
	pages = {3--35},
	OPTversion = {version},
	OPTnote = {note},
	OPTissn = {issn},
	OPTaddendum = {addendum},
	OPTpubstate = {pubstate},
	OPTdoi = {doi},
	OPTeprint = {eprint},
	OPTeprintclass = {eprintclass},
	OPTeprinttype = {eprinttype},
	OPTurl = {url},
	OPTurldate = {urldate},
}

@inproceedings{spector:2016,
	author = {Spector, Lee and McPhee, Nicholas Freitag and Helmuth, Thomas and Casale, Maggie M. and Oks, Julian},
	title = {Evolution Evolves with Autoconstruction},
	booktitle = {Proceedings of the 2016 on Genetic and Evolutionary Computation Conference Companion},
	series = {GECCO '16 Companion},
	year = {2016},
	isbn = {978-1-4503-4323-7},
	location = {Denver, Colorado, USA},
	pages = {1349--1356},
	numpages = {8},
	url = {http://doi.acm.org.ezproxy.morris.umn.edu/10.1145/2908961.2931727},
	doi = {10.1145/2908961.2931727},
	acmid = {2931727},
	publisher = {ACM},
	address = {New York, NY, USA},
	keywords = {autoconstructive evolution, genetic programming, push},
}

@inproceedings{lee:2001,
	author = {Spector, L},
	editor = {Spector, Lee and Goodman, E. and Wu, A. and Langdon, W.B. and Voigt, H.-M. and Gen, M., and Sen, S. and Dorigo, M., and Pezeshk, S. and Garzon, M. and Burke, E.},
	title = {Autoconstructive Evolution: {Push, PushGP, and Pushpop}},
	booktitle = {GECCO '01: Proceedings of the 2001 on Genetic and Evolutionary Computation Conference Companion},
	date = {July 2001},
	OPTsubtitle = {subtitle},
	OPTtitleaddon = {titleaddon},
	OPTmaintitle = {maintitle},
	OPTmainsubtitle = {mainsubtitle},
	OPTmaintitleaddon = {maintitleaddon},
	OPTbooksubtitle = {booksubtitle},
	OPTbooktitleaddon = {booktitleaddon},
	OPTeventtitle = {eventtitle},
	OPTeventdate = {eventdate},
	OPTvenue = {venue},
	OPTlanguage = {language},
	OPTvolume = {volume},
	OPTpart = {part},
	OPTvolumes = {volumes},
	OPTseries = {series},
	OPTnumber = {number},
	OPTnote = {note},
	OPTorganization = {organization},
	publisher = {Morgan Kaufmann Publishers},
	OPTlocation = {location},
	OPTmonth = {month},
	OPTisbn = {isbn},
	OPTchapter = {chapter},
	pages = {137-146},
	OPTaddendum = {addendum},
	OPTpubstate = {pubstate},
	OPTdoi = {doi},
	OPTeprint = {eprint},
	OPTeprintclass = {eprintclass},
	OPTeprinttype = {eprinttype},
	OPTurl = {url},
	OPTurldate = {urldate},
}

@inproceedings{lee:tutorial,
	author = {Spector, Lee and McPhee, Nicholas Freitag},
	title = {{Expressive Genetic Programming: Concepts and Applications}},
	booktitle = {Proceedings of the 2016 on Genetic and Evolutionary Computation Conference Companion},
	series = {GECCO '16 Companion},
	year = {2016},
	isbn = {978-1-4503-4323-7},
	location = {Denver, Colorado, USA},
	pages = {589--608},
	numpages = {20},
	url = {http://doi.acm.org.ezproxy.morris.umn.edu/10.1145/2908961.2926988},
	doi = {10.1145/2908961.2926988},
	acmid = {2926988},
	publisher = {ACM},
	address = {New York, NY, USA},
	keywords = {evolvability, genetic programming, push programming language},
}

@inproceedings{harris:2015,
	author = {Harris, Sean and Bueter, Travis and Tauritz, Daniel R.},
	title = {A {Comparison} of {Genetic Programming Variants} for {Hyper-Heuristics}},
	booktitle = {Proceedings of the Companion Publication of the 2015 Annual Conference on Genetic and Evolutionary Computation},
	series = {GECCO Companion '15},
	year = {2015},
	isbn = {978-1-4503-3488-4},
	location = {Madrid, Spain},
	pages = {1043--1050},
	numpages = {8},
	url = {http://doi.acm.org.ezproxy.morris.umn.edu/10.1145/2739482.2768456},
	doi = {10.1145/2739482.2768456},
	acmid = {2768456},
	publisher = {ACM},
	address = {New York, NY, USA},
	keywords = {genetic programming, hyper-heuristics, sat},
}

@inproceedings{tauritz:tutorial,
	author = {Tauritz, Daniel R. and Woodward, John},
	title = {{Hyper-Heuristics}},
	booktitle = {Proceedings of the 2016 on Genetic and Evolutionary Computation Conference Companion},
	series = {GECCO '16 Companion},
	year = {2016},
	isbn = {978-1-4503-4323-7},
	location = {Denver, Colorado, USA},
	pages = {273--304},
	numpages = {32},
	url = {http://doi.acm.org.ezproxy.morris.umn.edu/10.1145/2908961.2926978},
	doi = {10.1145/2908961.2926978},
	acmid = {2926978},
	publisher = {ACM},
	address = {New York, NY, USA},
	keywords = {hyper-heuristics, meta-heuristics},
} 

@inproceedings{helmuth:2015,
	author = {Helmuth, Thomas and Spector, Lee},
	title = {{General Program Synthesis Benchmark Suite}},
	booktitle = {Proceedings of the 2015 Annual Conference on Genetic and Evolutionary Computation},
	series = {GECCO '15},
	year = {2015},
	isbn = {978-1-4503-3472-3},
	location = {Madrid, Spain},
	pages = {1039--1046},
	numpages = {8},
	url = {http://doi.acm.org.ezproxy.morris.umn.edu/10.1145/2739480.2754769},
	doi = {10.1145/2739480.2754769},
	acmid = {2754769},
	publisher = {ACM},
	address = {New York, NY, USA},
	keywords = {benchmarks, genetic programming, program synthesis},
}